<?xml version="1.0" encoding="UTF-8"?><collection xmlns="http://www.loc.gov/MARC21/slim"><record><leader>00486nam--2200145-i-4500</leader><controlfield tag="001">000007597</controlfield><controlfield tag="002">20161230</controlfield><controlfield tag="005">20170207233945</controlfield><controlfield tag="008">060222s1000------------r-----000-0-eng-d</controlfield><datafield ind1=" " ind2=" " tag="100"><subfield code="a">Dutrannois, J</subfield></datafield><datafield ind1=" " ind2=" " tag="245"><subfield code="a">Problemes speciaux de la dosimetrie personnelle par emulsion nucleaire autour des grands accelerateurs. Congres international sur la dosimetrie des Paris, 23-27 nov., 1964</subfield></datafield><datafield ind1=" " ind2=" " tag="260"><subfield code="a">Geneve</subfield><subfield code="b">Cern</subfield><subfield code="c">1964</subfield></datafield><datafield ind1=" " ind2=" " tag="300"><subfield code="a">9 p</subfield></datafield><datafield ind1=" " ind2=" " tag="852"><subfield code="a">539.12.08</subfield></datafield><datafield ind1=" " ind2=" " tag="CAT"><subfield code="a">SYS</subfield><subfield code="c">20170207</subfield><subfield code="h">233945</subfield></datafield></record></collection>